---
---

@article{Blondin_2022,
   title={StaNdaRT: a repository of standardised test models and outputs for supernova radiative transfer},
   volume={668},
   ISSN={1432-0746},
   url={http://dx.doi.org/10.1051/0004-6361/202244134},
   DOI={10.1051/0004-6361/202244134},
   journal={Astronomy &amp; Astrophysics},
   publisher={EDP Sciences},
   author={Blondin, Stéphane and Blinnikov, Sergei and Callan, Fionntan P. and Collins, Christine E. and Dessart, Luc and Even, Wesley and Flörs, Andreas and Fullard, Andrew G. and Hillier, D. John and Jerkstrand, Anders and Kasen, Daniel and Katz, Boaz and Kerzendorf, Wolfgang and Kozyreva, Alexandra and O’Brien, Jack and Pássaro, Ezequiel A. and Roth, Nathaniel and Shen, Ken J. and Shingles, Luke and Sim, Stuart A. and Singhal, Jaladh and Smith, Isaac G. and Sorokina, Elena and Utrobin, Victor P. and Vogl, Christian and Williamson, Marc and Wollaeger, Ryan and Woosley, Stan E. and Wygoda, Nahliel},
   year={2022},
   month=dec, pages={A163} }
