@CONFERENCE{imsrg, 
  author = {Isaac G. Smith}, 
  title = {Studying Nuclei at Finite Temperature with the In-Medium Similarity Renormalization Group}, 
  booktitle = {Mid-Michigan Symposium for Undergraduate Research}, 
  year = {July 26, 2023}, 
  address = {East Lansing, MI},
  author+an = {1=highlight},
} 

@CONFERENCE{stardis, 
  author = {Isaac G. Smith}, 
  title = {A New Approach to Synthetic Stellar Spectra: The STARDIS Radiative Transfer Code}, 
  booktitle = {University Undergraduate Research and Arts Forum}, 
  year = {April 14, 2023}, 
  address = {East Lansing, MI},
  author+an = {1=highlight},
}

@CONFERENCE{documentation, 
  author = {Isaac G. Smith}, 
  title = {Interactive and User-Friendly Methods for Documenting Code}, 
  booktitle = {Mid-Michigan Symposium for Undergraduate Research}, 
  year = {July 28, 2021}, 
  address = {East Lansing, MI},
  author+an = {1=highlight},
} 
